@article{ECMA-4042013,
abstract = {JSON is a lightweight, text-based, language-independent data interchange format. It was derived from the ECMAScript programming language, but is programming language independent. JSON defines a small set of structuring rules for the portable representation of structured data.},
archivePrefix = {arXiv},
arxivId = {arXiv:1011.1669v3},
author = {ECMA-404},
doi = {10.17487/rfc7158},
eprint = {arXiv:1011.1669v3},
file = {:home/mike/Documents/Innopolis/Thesis/bibliography/ECMA-404.pdf:pdf},
isbn = {9788578110796},
issn = {2070-1721},
journal = {ECMA International},
number = {October},
pages = {8},
pmid = {25246403},
title = {{The JSON Data Interchange Format}},
url = {http://www.ecma-international.org/publications/files/ECMA-ST/ECMA-404.pdf},
volume = {1st Editio},
year = {2013}
}
@misc{Sourcegraph,
author = {Sourcegraph},
title = {{A community-driven source of knowledge for Language Server Protocol implementations}},
url = {http://langserver.org/},
urldate = {2017-09-30}
}
@misc{TheRustTeam2016,
author = {{The Rust Team}},
title = {{Rust Programming Language Blog: MIR}},
url = {https://blog.rust-lang.org/2016/04/19/MIR.html},
urldate = {2017-09-30},
year = {2016}
}
@misc{FreeSoftwareFoundation2016,
author = {{Free Software Foundation}},
title = {{Ada Compiler GNAT}},
url = {http://www.adacore.com/home/products/gnatpro/},
urldate = {2017-09-30},
year = {2016}
}
@article{Germon,
author = {Germon, R.},
file = {:home/mike/Documents/Innopolis/Thesis/bibliography/XML as IR for Compiler Development.pdf:pdf},
pages = {1--7},
title = {{Using xml as an intermediate form for compiler development}},
url = {http://www.researchgate.net/publication/238674289{\_}Using{\_}xml{\_}as{\_}an{\_}intermediate{\_}form{\_}for{\_}compiler{\_}development}
}
@article{Zouev2005,
author = {Zouev, Eugene},
file = {:home/mike/Documents/Innopolis/Thesis/bibliography/Зуев - Эволюция архитектуры компиляции Final.pdf:pdf},
journal = {ISBN 5-317-01413-1},
pages = {322--331},
title = {{Evolution of Compiler Architecture}},
year = {2005}
}
@article{Wanghong,
author = {Wanghong, Yuan and Xiangkui, Chen and Tao, Xie and Hong, Mei and Fuqing, Yang},
doi = {10.1109/TOOLS.1998.713598},
file = {:home/mike/Documents/Innopolis/Thesis/bibliography/С++ Program Database for Analysis.pdf:pdf},
isbn = {0-8186-9096-8},
journal = {Proceedings Technology of Object-Oriented Languages. TOOLS 27 (Cat. No.98EX224)},
keywords = {c,incremental parsing,information database,object orientation,program,program analysis},
pages = {173--180},
title = {{C++ program information database for analysis tools}},
url = {http://ieeexplore.ieee.org/lpdocs/epic03/wrapper.htm?arnumber=713598}
}
@article{ACMSigsoft.1985,
abstract = {"IEEE catalog no. 85CH2139-4." "ACM order no. 592850." "IEEE Computer Society order no. 620."},
author = {{ACM Sigsoft.} and {IEEE Computer Society.} and {Institution of Electrical Engineers.} and {British Computer Society.}},
file = {:home/mike/Documents/Innopolis/Thesis/bibliography/Software Knowledge Base.pdf:pdf},
isbn = {0818606207},
journal = {Proceedings of the 8th international conference on Software engineering},
keywords = {configuration management,project management,software engineering tools},
pages = {402},
title = {{Proceedings : 8th International Conference on Software Engineering, August 28-30, 1985, Imperial College, London, UK}},
url = {https://dl.acm.org/citation.cfm?id=319611},
year = {1985}
}
@misc{Cannon,
author = {Cannon, Aemon},
file = {:home/mike/Documents/Innopolis/Thesis/bibliography/Building an IDE with the Scala Presentation Compiler.doc:doc},
title = {{Building an IDE with the Scala Presentation Compiler}},
url = {http://ensime.blogspot.ru/2010/08/building-ide-with-scala-presentation.html}
}
@article{Zouev2010,
author = {Zouev, Eugene},
file = {:home/mike/Documents/Innopolis/Thesis/bibliography/Moscow2010.pdf:pdf},
title = {{Semantic APIs for Programming Languages}},
year = {2010}
}
@misc{Linton1983,
author = {Linton, Mark},
file = {:home/mike/Documents/Innopolis/Thesis/bibliography/Queries and Views of Programs CSD-83-164.pdf:pdf},
title = {{Queries and Views of Programs Using a Relational Database System}},
year = {1983}
}
